@book{pmbok13,
  title={Um Guia do Conhecimento do Gerenciamento de Projetos (Guia PMBOK®)},
  author={Institute, Project Management},
  year={2013},
  address={Newtown Square, Pennsylvania: PMI},
  publisher={Project Management Institute, Inc.},
  edition={5}
}

@book{nort13,
  title={Projeto de máquinas},
  author={Norton, Robert L},
  year={2013},
  publisher={bookman editora}
}


%exemplos
%
%@book{hart2012,
%  title={Elêtronica de potência: analise e projetos de circuitos },
%  author={Daniel W. Hart},
%  year={2012},
%  address={Porto Alegre},
%  publisher={AMGH},
%  edition={1},
%  furtherresp={Tradução de Romeu Abdo.
%  Revisão técnica de Antônio Pertence Júnior}
%}
%
%@mastersthesis{rafael2011,
%  title={Sistema fotovoltaico aut{\^o}nomo baseado em conversores CC-CC boost},
%  author={Rafael Vendrell Ribeiro},
%  year={2011},
%  school={Universidade Federal do Rio de Janeiro},
%  address={Rio de Janeiro},
%  type={Mestrado em Engenharia Elétrica}
%}
%
%@book{erickson2004,
%  title={Fundamentals of power electronics},
%  author={Dragan Maksimovi{\'c} and Robert W. Erickson},
%  year={2004},
%  publisher={Kluwer Academic Publishers},
%  address={New York},
%  edition={2}
%}
%
%@inproceedings{helmer2016,
%  title={Digital Controller Design for Interleaved Boost Converter in Photovoltaic System},
%  author={Vargas, G. G. M. and Hancco, C. E. O. and Colque, C. J. C. and Gomes, C. J. and Sguarezi, F. A. J. and Azcue-Puma, J. L.},
%  booktitle={IEEE International Conference on Industry Applications},
%  pages={1 -- 8},
%  year={2016},
%  organization={IEEE}
%}
%
%@article{caiobuck2018,
%  author = {Caio Moraes},
%  journal = {Conteúdos básicos e avançados em Eletrônica de Potência},
%  title = {Modelagem Dinâmica do Conversor Buck},
%  year = {2018},
%  url = {https://eletronicadepotencia.com/modelagem-dinamica-do-conversor-buck/},
%  urlaccessdate = {23 abr. 2019}
%}
%
%
%@article{caiocont,
%  author = {Caio Moraes},
%  journal = {Conteúdos básicos e avançados em Eletrônica de Potência},
%  title = {Princípios de Controle Aplicados a Conversores Estáticos},
%  year = {2018},
%  url = {https://eletronicadepotencia.com/principios-de-controle/},
%  urlaccessdate = {11 jun. 2019}
%}
%
%
%@article{cho1992,
%  title={Small-Signal Modeling of the Single-Phase Boost High-Power Factor Converter with Constant Frequency Control},
%  author={Huliehel, F.A. and Lee, F.C.Y. and Cho, Bo},
%  journal={Power Electronics Specialists Conference},
%  volume={1},
%  pages={475 -- 482},
%  year={1992},
%  publisher={IEEE}
%}
%
%@article{Berger2018,
%  title={Metodologia para Modelagem de Conversores utilizando o Circuito Equivalente de Thévenin},
%  author={Felipe Berger and Marcos A. Salvador and Thiago A. Pereira and Telles B. Lazzarin and Roberto F. Coelho },
%  journal={Revista Eletrônica de Potência},
%  volume={23},
%  pages={151 -- 160},
%  year={2018},
%  publisher={Sobraep}
%}
%
%@book{alexander2013,
%  title={Fundamentos de circuitos elétricos},
%  author={Charles K. Alexander and Matthew N. O. Sadiku},
%  year={2013},
%  address={Porto Alegre},
%  publisher={AMGH},
%  edition={5},
%  furtherresp={Tradução de José Lucimar do Nascimento. Revisão técnica de Antônio Pertence Júnior}
%}
%
%@article{futupid,
%  title={The future of PID control},
%  author={Åstr{\"o}m, K.J. and H{\~a}gglund, Tore},
%  journal={Control Engineering Practice},
%  volume={9},
%  pages={1163 –- 1175},
%  year={2001},
%  publisher={Elsevier}
%}
%
%@book{dorf2009,
%  title={Sistemas de controle modernos},
%  author={Dorf, R.C. and Bishop, R.H.},
%  year={2001},
%  address={Rio de Janeiro},
%  publisher={LTC},
%  edition={8},
%}
%
%@monography{deus2018,
%address={João Monlevade},
%author={Felipe Rigotti Alves de Deus},
%pages={66},
%pagename={f.},
%school={Departamento de Engenharia Elétrica, Universidade Federal de Ouro Preto},
%title={Estudo Comparativo entre Técnicas de Controle Aplicadas em um Conversor Buck},
%type={Trabalho de conclusão de curso},
%year={2018}
%}
%
%@book{bolestoyd,
%  title={Dispositivos eletrônicos e teoria de circuitos},
%  author={Robert L. Boylestad and
%Louis Nashelsky},
%  year={2013},
%  address={ São Paulo},
%  publisher={Pearson Education
%do Brasil},
%  edition={11},
%  furtherresp={Tradução de Sônia Midori Yamamoto.
%  Revisão técnica de  Alceu Ferreira Alves}
%}
%
%@book{camacho2004model,
%  title={Model Predictive Control},
%  author={Eduardo F. Camacho and Carlos Bordons},
%  year={2004},
%  address={London},
%  publisher={Springer Verlag},
%  edition={2},
%}
%
%@mastersthesis{Anderson2003,
%      title={Estudo e implementação de um controlador preditivo generalizado bilinear compensado adaptativo},
%  author={Anderson Luiz de Oliveira Cavalcanti},
%  year={2003},
%  school={Universidade Federal do Rio Grande do Norte},
%  address={Natal},
%  type={Mestrado em Engenharia Elétrica}
%}
%
%@article{CLARKE1987137,
%  title={Generalized predictive control Part {I}. The basic algorithm},
%  author={D.W. Clarke and C. Mohtadi and P.S. Tuffs},
%  journal={Automatica},
%  volume={23},
%  number={2},
%  pages={137 -- 148},
%  year={1987},
%  publisher={Pergamon}
%}
%
%@article{Clarke2, 
%title={Application of generalized predictive control to industrial processes},
%author={D. W. Clarke}, 
%journal={IEEE Control Systems Magazine}, 
%volume={8}, 
%number={2},
%pages={49 -- 55},
%year={1988}, 
% publisher={IEEE},
% }
% 
% @book{RosierMPC,
%  title={Model-Based Predictive Control. A Practical Approach},
%  author={J. A. Rossiter},
%  year={2004},
%  address={Boca Raton},
%  publisher={CRC Press},
%  edition={1},
%}
%
%@Misc{gpcrosier23,
%  author =   {John Rossiter},
%  title =    {Generalised predictive control 2.3 - The control law},
%  url = {https://www.youtube.com/watch?v=wBaPoKMoCmM&list=PLs7mcKy_nInGiG2er-vTC--VinZX9Cjlw&index=3},
%  month =    {jan},
%  day =         31,
%  year =     2014,
%  urlaccessdate = {20 mai. 2019}
%}
%
%@mastersthesis{Moreira2013,
%      title={Controle preditivo baseado em modelo com estimação de distúrbios para plantas monovariáveis},
%  author={Igor Medeiros Moreira},
%  year={2013},
%  school={Universidade Federal do
%Rio de Janeiro},
%  address={Rio de Janeiro},
%  type={Mestrado em Engenharia Elétrica}
%}
%
%@mastersthesis{Lucas2017,
%      title={Projeto de um controlador Preditivo Baseado em Modelo do Gerador de Indução Duplamente Alimentado Aplicado à Sistemas Eólicos},
%  author={Lucas Lima Rodrigues},
%  year={2017},
%  school={Universidade Federal do ABC},
%  address={Santo André},
%  type={Mestrado em Engenharia Elétrica}
%}
%
%@book{kazimi2008,
%  title={Pulse-width Modulated DC-DC Power Converters},
%  author={Kazimierczuk, M.K.},
%  year={2008},
%  address={Ohio},
%  publisher={Wiley},
%    edition={2},
%}
%
%@book{rashid1999,
%  title={Eletrônica de potência: circuitos, dispositivos e aplicações},
%  author={Rashid, M.H.},
%  year={1999},
%  address={ São Paulo},
%  publisher={Makron},
%  edition={2},
%  furtherresp={Tradução de Carlos Alberto Favato.
%  Revisão técnica de  Antonio Pertence Júnior}
%}
%
%@Misc{matbook2012,
%  author =   {Kaare Brandt Petersen and Michael Syskind Pedersen},
%  title =    {The Matrix Cookbook},
%  url = {https://www.math.uwaterloo.ca/~hwolkowi/matrixcookbook.pdf},
%  month =    {nov},
%  publisher={Technical University of Denmark},
%  year =     2012,
%  urlaccessdate = {12 jun. 2019}
%}
%
%@Misc{Knight2015,
%  author =   {David Knight},
%  title =    {Buck Converters and Their Cool Applications},
%  url = {https://www.allaboutcircuits.com/technical-articles/buck-converters-and-their-cool-applications/},
%  month =    {nov},
%  publisher={All about circuits},
%  year =     2015,
%  urlaccessdate = {10 jun. 2019}
%}
%
%
%@Misc{PWM,
%  author =   {Fábio Souza},
%  title =    {Usando as saídas PWM do Arduino},
%  url = {https://www.embarcados.com.br/pwm-do-arduino/},
%  month =    {jan},
%  publisher={Embarcados},
%  year =     2014,
%  urlaccessdate = {04 jul. 2019}
%}
%
%@book{ogata2011engenharia,
%  title={Engenharia de controle moderno},
%  author={Ogata, K.},
%  year={2011},
%  address={ São Paulo},  
%  publisher={Pearson},
%  edition={5},
%  furtherresp={Tradução de  Heloísa
%Coimbra de Souza.
%  Revisão técnica de Eduardo Aoun Tannuri}
%}
%
%@Misc{araujo2007,
%  author =   {Fabio Meneghetti Ugulino de Ara\'ujo },
%  title =    {Sistemas de controle},
%  url = {https://www.dca.ufrn.br/~meneghet/FTP/Controle/scv20071.pdf},
%  month =    {fev},
%  publisher={DCA-UFRN},
%  year =     2007,
%  urlaccessdate = {17 jun. 2019}
%}
%
%@book{seborg2010,
%  title={Process Dynamics and Control},
%  author={Seborg, D.E. and Mellichamp, D.A. and Edgar, T.F. and Doyle, F.J.},
%  address={ United States}, 
%  year={2010},
%  publisher={John Wiley \& Sons},
%   edition={3}
%}
%
%@book{Ogata1995discrete,
% title = {Discrete-time Control Systems},
% author = {Ogata, Katsuhiko},
% address = {Upper Saddle River, NJ, USA},
% year = {1995},
% isbn = {0-13-034281-5},
% publisher = {Prentice-Hall, Inc.},
% edition={2}
%} 
